% This file was created with JabRef 2.10.
% Encoding: UTF-8


@Misc{web:nyyoutubehouse,
  Title                    = {This woman built a house using YouTube tutorials},

  Author                   = {Raquel Laneri},
  HowPublished             = {\url{https://nypost.com/2017/01/17/this-woman-built-a-house-using-youtube-tutorials/}},
  Note                     = {Besucht: 15.05.2018},

  Owner                    = {felix},
  Timestamp                = {2018.08.27}
}

@Misc{web:apple-guidelines,
  Title                    = {UI Design Do’s and Don’ts},
  HowPublished             = {\url{https://developer.apple.com/design/tips/}},
  Note                     = {Besucht: 16.06.2018},

  Owner                    = {felix},
  Timestamp                = {2018.08.27}
}

@Misc{web:haskell-edsl,
  Title                    = {Embedded domain specific language},
  HowPublished             = {\url{https://wiki.haskell.org/Embedded_domain_specific_language}},
  Note                     = {Besucht: 28.08.0218},

  Owner                    = {felix},
  Timestamp                = {2018.08.28}
}

@Misc{web:microsoft-guidelines,
  Title                    = {Guidelines for targeting},
  HowPublished             = {\url{https://docs.microsoft.com/en-us/windows/uwp/design/input/guidelines-for-targeting}},
  Note                     = {Besucht: 16.06.2018},

  Owner                    = {felix},
  Timestamp                = {2018.08.27}
}

@Misc{web:pstifiuniworx,
  Title                    = {UniWorX},
  HowPublished             = {\url{https://www.pst.ifi.lmu.de/Lehre/uniworx.html}},
  Note                     = {Besucht: 20.5.2018},

  Owner                    = {felix},
  Timestamp                = {2018.08.27}
}

@Misc{web:statcounter-mobile,
  Title                    = {Mobile and tablet internet usage exceeds desktop for first time worldwide},
  HowPublished             = {\url{http://gs.statcounter.com/press/mobile-and-tablet-internet-usage-exceeds-desktop-for-first-time-worldwide}},
  Note                     = {Besucht: 14.06.2018},

  Owner                    = {felix},
  Timestamp                = {2018.08.27}
}

@Misc{web:stonetemple-mobile,
  Title                    = {Mobile vs Desktop Usage in 2018: Mobile takes the lead},
  HowPublished             = {\url{https://www.stonetemple.com/mobile-vs-desktop-usage-study/}},
  Note                     = {Besucht: 14.06.2018},

  Owner                    = {felix},
  Timestamp                = {2018.08.27}
}

@Misc{web:ucisatel,
  Title                    = {Technology Enhanced Learning},
  HowPublished             = {\url{https://www.ucisa.ac.uk/bestpractice/surveys/tel/tel}},
  Note                     = {Besucht: 14.08.2018},

  Owner                    = {felix},
  Timestamp                = {2018.08.27}
}

@Misc{web:uniworxchangelog,
  Title                    = {UniWorX Changelog},
  HowPublished             = {\url{https://uniworx.ifi.lmu.de/?action=uniworxChangelog}},
  Note                     = {Besucht: 30.7.2018},

  Owner                    = {felix},
  Timestamp                = {2018.08.27}
}

@Misc{web:wikigestalt,
  Title                    = {Gestaltpsychologie},
  HowPublished             = {\url{https://de.wikipedia.org/wiki/Gestaltpsychologie}},
  Note                     = {Besucht: 28.04.2018},

  Owner                    = {felix},
  Timestamp                = {2018.08.27}
}

@Misc{web:yesodstl,
  Title                    = {Shakespearean Templates},
  HowPublished             = {\url{https://www.yesodweb.com/book/shakespearean-templates}},
  Note                     = {Besucht: 28.04.2018},

  Owner                    = {felix},
  Timestamp                = {2018.08.27}
}

